%YAML 1.1
%TAG !u! tag:unity3d.com,2011:
--- !u!1 &7330122751548058508
GameObject:
  m_ObjectHideFlags: 0
  m_CorrespondingSourceObject: {fileID: 0}
  m_PrefabInstance: {fileID: 0}
  m_PrefabAsset: {fileID: 0}
  serializedVersion: 6
  m_Component:
  - component: {fileID: 7330122751548058507}
  m_Layer: 0
  m_Name: Line 3x
  m_TagString: Untagged
  m_Icon: {fileID: 0}
  m_NavMeshLayer: 0
  m_StaticEditorFlags: 0
  m_IsActive: 1
--- !u!4 &7330122751548058507
Transform:
  m_ObjectHideFlags: 0
  m_CorrespondingSourceObject: {fileID: 0}
  m_PrefabInstance: {fileID: 0}
  m_PrefabAsset: {fileID: 0}
  m_GameObject: {fileID: 7330122751548058508}
  m_LocalRotation: {x: 0, y: 0, z: 0, w: 1}
  m_LocalPosition: {x: 0, y: 0, z: 0}
  m_LocalScale: {x: 1, y: 1, z: 1}
  m_Children:
  - {fileID: 5007059371640155524}
  - {fileID: 2687677385927947138}
  m_Father: {fileID: 0}
  m_RootOrder: 0
  m_LocalEulerAnglesHint: {x: 0, y: 0, z: 0}
--- !u!1001 &2361423553957529103
PrefabInstance:
  m_ObjectHideFlags: 0
  serializedVersion: 2
  m_Modification:
    m_TransformParent: {fileID: 7330122751548058507}
    m_Modifications:
    - target: {fileID: 7330122751548058507, guid: 574f8a1a8ad48bc4c97463c0bece2c5c, type: 3}
      propertyPath: m_RootOrder
      value: 0
      objectReference: {fileID: 0}
    - target: {fileID: 7330122751548058507, guid: 574f8a1a8ad48bc4c97463c0bece2c5c, type: 3}
      propertyPath: m_LocalPosition.x
      value: 0
      objectReference: {fileID: 0}
    - target: {fileID: 7330122751548058507, guid: 574f8a1a8ad48bc4c97463c0bece2c5c, type: 3}
      propertyPath: m_LocalPosition.y
      value: 0
      objectReference: {fileID: 0}
    - target: {fileID: 7330122751548058507, guid: 574f8a1a8ad48bc4c97463c0bece2c5c, type: 3}
      propertyPath: m_LocalPosition.z
      value: 0
      objectReference: {fileID: 0}
    - target: {fileID: 7330122751548058507, guid: 574f8a1a8ad48bc4c97463c0bece2c5c, type: 3}
      propertyPath: m_LocalRotation.w
      value: 1
      objectReference: {fileID: 0}
    - target: {fileID: 7330122751548058507, guid: 574f8a1a8ad48bc4c97463c0bece2c5c, type: 3}
      propertyPath: m_LocalRotation.x
      value: 0
      objectReference: {fileID: 0}
    - target: {fileID: 7330122751548058507, guid: 574f8a1a8ad48bc4c97463c0bece2c5c, type: 3}
      propertyPath: m_LocalRotation.y
      value: 0
      objectReference: {fileID: 0}
    - target: {fileID: 7330122751548058507, guid: 574f8a1a8ad48bc4c97463c0bece2c5c, type: 3}
      propertyPath: m_LocalRotation.z
      value: 0
      objectReference: {fileID: 0}
    - target: {fileID: 7330122751548058507, guid: 574f8a1a8ad48bc4c97463c0bece2c5c, type: 3}
      propertyPath: m_LocalEulerAnglesHint.x
      value: 0
      objectReference: {fileID: 0}
    - target: {fileID: 7330122751548058507, guid: 574f8a1a8ad48bc4c97463c0bece2c5c, type: 3}
      propertyPath: m_LocalEulerAnglesHint.y
      value: 0
      objectReference: {fileID: 0}
    - target: {fileID: 7330122751548058507, guid: 574f8a1a8ad48bc4c97463c0bece2c5c, type: 3}
      propertyPath: m_LocalEulerAnglesHint.z
      value: 0
      objectReference: {fileID: 0}
    - target: {fileID: 7330122751548058508, guid: 574f8a1a8ad48bc4c97463c0bece2c5c, type: 3}
      propertyPath: m_Name
      value: Line 2x
      objectReference: {fileID: 0}
    - target: {fileID: 7380634139532886614, guid: 574f8a1a8ad48bc4c97463c0bece2c5c, type: 3}
      propertyPath: m_ConnectedBody
      value: 
      objectReference: {fileID: 6298853764637131299}
    - target: {fileID: 8282940116262281841, guid: 574f8a1a8ad48bc4c97463c0bece2c5c, type: 3}
      propertyPath: m_ConnectedBody
      value: 
      objectReference: {fileID: 2465321782703986567}
    m_RemovedComponents: []
  m_SourcePrefab: {fileID: 100100000, guid: 574f8a1a8ad48bc4c97463c0bece2c5c, type: 3}
--- !u!4 &5007059371640155524 stripped
Transform:
  m_CorrespondingSourceObject: {fileID: 7330122751548058507, guid: 574f8a1a8ad48bc4c97463c0bece2c5c, type: 3}
  m_PrefabInstance: {fileID: 2361423553957529103}
  m_PrefabAsset: {fileID: 0}
--- !u!54 &3111895793559029888 stripped
Rigidbody:
  m_CorrespondingSourceObject: {fileID: 858738967774711439, guid: 574f8a1a8ad48bc4c97463c0bece2c5c, type: 3}
  m_PrefabInstance: {fileID: 2361423553957529103}
  m_PrefabAsset: {fileID: 0}
--- !u!1001 &6698445310122646605
PrefabInstance:
  m_ObjectHideFlags: 0
  serializedVersion: 2
  m_Modification:
    m_TransformParent: {fileID: 7330122751548058507}
    m_Modifications:
    - target: {fileID: 746054234716885778, guid: 5d4ec789aadb99f47aee4879a0de6300, type: 3}
      propertyPath: m_ConnectedBody
      value: 
      objectReference: {fileID: 3111895793559029888}
    - target: {fileID: 8771082236765679560, guid: 5d4ec789aadb99f47aee4879a0de6300, type: 3}
      propertyPath: m_Name
      value: Segment
      objectReference: {fileID: 0}
    - target: {fileID: 8771082236765679567, guid: 5d4ec789aadb99f47aee4879a0de6300, type: 3}
      propertyPath: m_RootOrder
      value: 1
      objectReference: {fileID: 0}
    - target: {fileID: 8771082236765679567, guid: 5d4ec789aadb99f47aee4879a0de6300, type: 3}
      propertyPath: m_LocalPosition.x
      value: 0
      objectReference: {fileID: 0}
    - target: {fileID: 8771082236765679567, guid: 5d4ec789aadb99f47aee4879a0de6300, type: 3}
      propertyPath: m_LocalPosition.y
      value: 0
      objectReference: {fileID: 0}
    - target: {fileID: 8771082236765679567, guid: 5d4ec789aadb99f47aee4879a0de6300, type: 3}
      propertyPath: m_LocalPosition.z
      value: 2.4
      objectReference: {fileID: 0}
    - target: {fileID: 8771082236765679567, guid: 5d4ec789aadb99f47aee4879a0de6300, type: 3}
      propertyPath: m_LocalRotation.w
      value: 1
      objectReference: {fileID: 0}
    - target: {fileID: 8771082236765679567, guid: 5d4ec789aadb99f47aee4879a0de6300, type: 3}
      propertyPath: m_LocalRotation.x
      value: 0
      objectReference: {fileID: 0}
    - target: {fileID: 8771082236765679567, guid: 5d4ec789aadb99f47aee4879a0de6300, type: 3}
      propertyPath: m_LocalRotation.y
      value: 0
      objectReference: {fileID: 0}
    - target: {fileID: 8771082236765679567, guid: 5d4ec789aadb99f47aee4879a0de6300, type: 3}
      propertyPath: m_LocalRotation.z
      value: 0
      objectReference: {fileID: 0}
    - target: {fileID: 8771082236765679567, guid: 5d4ec789aadb99f47aee4879a0de6300, type: 3}
      propertyPath: m_LocalEulerAnglesHint.x
      value: 0
      objectReference: {fileID: 0}
    - target: {fileID: 8771082236765679567, guid: 5d4ec789aadb99f47aee4879a0de6300, type: 3}
      propertyPath: m_LocalEulerAnglesHint.y
      value: 0
      objectReference: {fileID: 0}
    - target: {fileID: 8771082236765679567, guid: 5d4ec789aadb99f47aee4879a0de6300, type: 3}
      propertyPath: m_LocalEulerAnglesHint.z
      value: 0
      objectReference: {fileID: 0}
    m_RemovedComponents: []
  m_SourcePrefab: {fileID: 100100000, guid: 5d4ec789aadb99f47aee4879a0de6300, type: 3}
--- !u!4 &2687677385927947138 stripped
Transform:
  m_CorrespondingSourceObject: {fileID: 8771082236765679567, guid: 5d4ec789aadb99f47aee4879a0de6300, type: 3}
  m_PrefabInstance: {fileID: 6698445310122646605}
  m_PrefabAsset: {fileID: 0}
--- !u!54 &6298853764637131299 stripped
Rigidbody:
  m_CorrespondingSourceObject: {fileID: 837580080554827374, guid: 5d4ec789aadb99f47aee4879a0de6300, type: 3}
  m_PrefabInstance: {fileID: 6698445310122646605}
  m_PrefabAsset: {fileID: 0}
--- !u!54 &2465321782703986567 stripped
Rigidbody:
  m_CorrespondingSourceObject: {fileID: 9134212211376868298, guid: 5d4ec789aadb99f47aee4879a0de6300, type: 3}
  m_PrefabInstance: {fileID: 6698445310122646605}
  m_PrefabAsset: {fileID: 0}
