%YAML 1.1
%TAG !u! tag:unity3d.com,2011:
--- !u!1 &7330122751548058508
GameObject:
  m_ObjectHideFlags: 0
  m_CorrespondingSourceObject: {fileID: 0}
  m_PrefabInstance: {fileID: 0}
  m_PrefabAsset: {fileID: 0}
  serializedVersion: 6
  m_Component:
  - component: {fileID: 7330122751548058507}
  m_Layer: 0
  m_Name: Enclosed 4x4
  m_TagString: Untagged
  m_Icon: {fileID: 0}
  m_NavMeshLayer: 0
  m_StaticEditorFlags: 0
  m_IsActive: 1
--- !u!4 &7330122751548058507
Transform:
  m_ObjectHideFlags: 0
  m_CorrespondingSourceObject: {fileID: 0}
  m_PrefabInstance: {fileID: 0}
  m_PrefabAsset: {fileID: 0}
  m_GameObject: {fileID: 7330122751548058508}
  m_LocalRotation: {x: -0, y: 0.7071068, z: -0, w: 0.7071068}
  m_LocalPosition: {x: 0, y: 0, z: 0}
  m_LocalScale: {x: 1, y: 1, z: 1}
  m_Children:
  - {fileID: 2823580213259292507}
  - {fileID: 9103803304881466834}
  m_Father: {fileID: 0}
  m_RootOrder: 0
  m_LocalEulerAnglesHint: {x: 0, y: 90, z: 0}
--- !u!1001 &2012800145333896793
PrefabInstance:
  m_ObjectHideFlags: 0
  serializedVersion: 2
  m_Modification:
    m_TransformParent: {fileID: 7330122751548058507}
    m_Modifications:
    - target: {fileID: 1032287116961101961, guid: f91f85292a3a67840bf04fc111d7c351, type: 3}
      propertyPath: m_ConnectedBody
      value: 
      objectReference: {fileID: 5840447109564949026}
    - target: {fileID: 1931136224914987182, guid: f91f85292a3a67840bf04fc111d7c351, type: 3}
      propertyPath: m_ConnectedBody
      value: 
      objectReference: {fileID: 2617150530419292038}
    - target: {fileID: 2080218010344449483, guid: f91f85292a3a67840bf04fc111d7c351, type: 3}
      propertyPath: m_ConnectedBody
      value: 
      objectReference: {fileID: 5621026937226464070}
    - target: {fileID: 2357899339200185292, guid: f91f85292a3a67840bf04fc111d7c351, type: 3}
      propertyPath: m_ConnectedBody
      value: 
      objectReference: {fileID: 8243695637315300673}
    - target: {fileID: 2494380964932633265, guid: f91f85292a3a67840bf04fc111d7c351, type: 3}
      propertyPath: m_ConnectedBody
      value: 
      objectReference: {fileID: 8089132540859001916}
    - target: {fileID: 3167207916921284309, guid: f91f85292a3a67840bf04fc111d7c351, type: 3}
      propertyPath: m_ConnectedBody
      value: 
      objectReference: {fileID: 7199944078305552992}
    - target: {fileID: 5326001191151478127, guid: f91f85292a3a67840bf04fc111d7c351, type: 3}
      propertyPath: m_ConnectedBody
      value: 
      objectReference: {fileID: 1636994448872898500}
    - target: {fileID: 5461990501820245010, guid: f91f85292a3a67840bf04fc111d7c351, type: 3}
      propertyPath: m_ConnectedBody
      value: 
      objectReference: {fileID: 1482501723300003513}
    - target: {fileID: 6734689446810862920, guid: f91f85292a3a67840bf04fc111d7c351, type: 3}
      propertyPath: m_ConnectedBody
      value: 
      objectReference: {fileID: 7199944078305552992}
    - target: {fileID: 6868920649131377717, guid: f91f85292a3a67840bf04fc111d7c351, type: 3}
      propertyPath: m_ConnectedBody
      value: 
      objectReference: {fileID: 7047698350648191773}
    - target: {fileID: 6994362797873128271, guid: f91f85292a3a67840bf04fc111d7c351, type: 3}
      propertyPath: m_ConnectedBody
      value: 
      objectReference: {fileID: 6885385117104131175}
    - target: {fileID: 7330122751548058507, guid: f91f85292a3a67840bf04fc111d7c351, type: 3}
      propertyPath: m_RootOrder
      value: 1
      objectReference: {fileID: 0}
    - target: {fileID: 7330122751548058507, guid: f91f85292a3a67840bf04fc111d7c351, type: 3}
      propertyPath: m_LocalPosition.x
      value: 0
      objectReference: {fileID: 0}
    - target: {fileID: 7330122751548058507, guid: f91f85292a3a67840bf04fc111d7c351, type: 3}
      propertyPath: m_LocalPosition.y
      value: 0
      objectReference: {fileID: 0}
    - target: {fileID: 7330122751548058507, guid: f91f85292a3a67840bf04fc111d7c351, type: 3}
      propertyPath: m_LocalPosition.z
      value: 0
      objectReference: {fileID: 0}
    - target: {fileID: 7330122751548058507, guid: f91f85292a3a67840bf04fc111d7c351, type: 3}
      propertyPath: m_LocalRotation.w
      value: 0
      objectReference: {fileID: 0}
    - target: {fileID: 7330122751548058507, guid: f91f85292a3a67840bf04fc111d7c351, type: 3}
      propertyPath: m_LocalRotation.x
      value: 0
      objectReference: {fileID: 0}
    - target: {fileID: 7330122751548058507, guid: f91f85292a3a67840bf04fc111d7c351, type: 3}
      propertyPath: m_LocalRotation.y
      value: 1
      objectReference: {fileID: 0}
    - target: {fileID: 7330122751548058507, guid: f91f85292a3a67840bf04fc111d7c351, type: 3}
      propertyPath: m_LocalRotation.z
      value: 0
      objectReference: {fileID: 0}
    - target: {fileID: 7330122751548058507, guid: f91f85292a3a67840bf04fc111d7c351, type: 3}
      propertyPath: m_LocalEulerAnglesHint.x
      value: 0
      objectReference: {fileID: 0}
    - target: {fileID: 7330122751548058507, guid: f91f85292a3a67840bf04fc111d7c351, type: 3}
      propertyPath: m_LocalEulerAnglesHint.y
      value: 180
      objectReference: {fileID: 0}
    - target: {fileID: 7330122751548058507, guid: f91f85292a3a67840bf04fc111d7c351, type: 3}
      propertyPath: m_LocalEulerAnglesHint.z
      value: 0
      objectReference: {fileID: 0}
    - target: {fileID: 7330122751548058508, guid: f91f85292a3a67840bf04fc111d7c351, type: 3}
      propertyPath: m_Name
      value: Corner 4x4 (1)
      objectReference: {fileID: 0}
    - target: {fileID: 7422594643246603818, guid: f91f85292a3a67840bf04fc111d7c351, type: 3}
      propertyPath: m_ConnectedBody
      value: 
      objectReference: {fileID: 3881495904851865767}
    - target: {fileID: 7804321050340916019, guid: f91f85292a3a67840bf04fc111d7c351, type: 3}
      propertyPath: m_ConnectedBody
      value: 
      objectReference: {fileID: 6885385117104131175}
    - target: {fileID: 7956635772227287630, guid: f91f85292a3a67840bf04fc111d7c351, type: 3}
      propertyPath: m_ConnectedBody
      value: 
      objectReference: {fileID: 2617150530419292038}
    - target: {fileID: 8471088843862344552, guid: f91f85292a3a67840bf04fc111d7c351, type: 3}
      propertyPath: m_ConnectedBody
      value: 
      objectReference: {fileID: 3085351061977717187}
    m_RemovedComponents: []
  m_SourcePrefab: {fileID: 100100000, guid: f91f85292a3a67840bf04fc111d7c351, type: 3}
--- !u!4 &9103803304881466834 stripped
Transform:
  m_CorrespondingSourceObject: {fileID: 7330122751548058507, guid: f91f85292a3a67840bf04fc111d7c351, type: 3}
  m_PrefabInstance: {fileID: 2012800145333896793}
  m_PrefabAsset: {fileID: 0}
--- !u!54 &2970744977743466165 stripped
Rigidbody:
  m_CorrespondingSourceObject: {fileID: 3662785219332114668, guid: f91f85292a3a67840bf04fc111d7c351, type: 3}
  m_PrefabInstance: {fileID: 2012800145333896793}
  m_PrefabAsset: {fileID: 0}
--- !u!54 &7828870323612996142 stripped
Rigidbody:
  m_CorrespondingSourceObject: {fileID: 8596064394657895543, guid: f91f85292a3a67840bf04fc111d7c351, type: 3}
  m_PrefabInstance: {fileID: 2012800145333896793}
  m_PrefabAsset: {fileID: 0}
--- !u!54 &3107226869628751816 stripped
Rigidbody:
  m_CorrespondingSourceObject: {fileID: 3526865452632246673, guid: f91f85292a3a67840bf04fc111d7c351, type: 3}
  m_PrefabInstance: {fileID: 2012800145333896793}
  m_PrefabAsset: {fileID: 0}
--- !u!54 &1691539087733942735 stripped
Rigidbody:
  m_CorrespondingSourceObject: {fileID: 907311256936558486, guid: f91f85292a3a67840bf04fc111d7c351, type: 3}
  m_PrefabInstance: {fileID: 2012800145333896793}
  m_PrefabAsset: {fileID: 0}
--- !u!54 &4086488544475154836 stripped
Rigidbody:
  m_CorrespondingSourceObject: {fileID: 2547059090553458637, guid: f91f85292a3a67840bf04fc111d7c351, type: 3}
  m_PrefabInstance: {fileID: 2012800145333896793}
  m_PrefabAsset: {fileID: 0}
--- !u!54 &5614454466417499184 stripped
Rigidbody:
  m_CorrespondingSourceObject: {fileID: 6198197211714607721, guid: f91f85292a3a67840bf04fc111d7c351, type: 3}
  m_PrefabInstance: {fileID: 2012800145333896793}
  m_PrefabAsset: {fileID: 0}
--- !u!54 &9018906218143749391 stripped
Rigidbody:
  m_CorrespondingSourceObject: {fileID: 7406011784500237142, guid: f91f85292a3a67840bf04fc111d7c351, type: 3}
  m_PrefabInstance: {fileID: 2012800145333896793}
  m_PrefabAsset: {fileID: 0}
--- !u!54 &609398078659330219 stripped
Rigidbody:
  m_CorrespondingSourceObject: {fileID: 1412972787281217266, guid: f91f85292a3a67840bf04fc111d7c351, type: 3}
  m_PrefabInstance: {fileID: 2012800145333896793}
  m_PrefabAsset: {fileID: 0}
--- !u!54 &4220784480678086889 stripped
Rigidbody:
  m_CorrespondingSourceObject: {fileID: 2413324730048695984, guid: f91f85292a3a67840bf04fc111d7c351, type: 3}
  m_PrefabInstance: {fileID: 2012800145333896793}
  m_PrefabAsset: {fileID: 0}
--- !u!54 &5751006729185926477 stripped
Rigidbody:
  m_CorrespondingSourceObject: {fileID: 6062207074131598100, guid: f91f85292a3a67840bf04fc111d7c351, type: 3}
  m_PrefabInstance: {fileID: 2012800145333896793}
  m_PrefabAsset: {fileID: 0}
--- !u!54 &501490181599669998 stripped
Rigidbody:
  m_CorrespondingSourceObject: {fileID: 2097342312800807095, guid: f91f85292a3a67840bf04fc111d7c351, type: 3}
  m_PrefabInstance: {fileID: 2012800145333896793}
  m_PrefabAsset: {fileID: 0}
--- !u!54 &8334251482091535178 stripped
Rigidbody:
  m_CorrespondingSourceObject: {fileID: 7514205957210897683, guid: f91f85292a3a67840bf04fc111d7c351, type: 3}
  m_PrefabInstance: {fileID: 2012800145333896793}
  m_PrefabAsset: {fileID: 0}
--- !u!1001 &4798177416371741904
PrefabInstance:
  m_ObjectHideFlags: 0
  serializedVersion: 2
  m_Modification:
    m_TransformParent: {fileID: 7330122751548058507}
    m_Modifications:
    - target: {fileID: 1032287116961101961, guid: f91f85292a3a67840bf04fc111d7c351, type: 3}
      propertyPath: m_ConnectedBody
      value: 
      objectReference: {fileID: 609398078659330219}
    - target: {fileID: 1931136224914987182, guid: f91f85292a3a67840bf04fc111d7c351, type: 3}
      propertyPath: m_ConnectedBody
      value: 
      objectReference: {fileID: 9018906218143749391}
    - target: {fileID: 2080218010344449483, guid: f91f85292a3a67840bf04fc111d7c351, type: 3}
      propertyPath: m_ConnectedBody
      value: 
      objectReference: {fileID: 1691539087733942735}
    - target: {fileID: 2357899339200185292, guid: f91f85292a3a67840bf04fc111d7c351, type: 3}
      propertyPath: m_ConnectedBody
      value: 
      objectReference: {fileID: 3107226869628751816}
    - target: {fileID: 2494380964932633265, guid: f91f85292a3a67840bf04fc111d7c351, type: 3}
      propertyPath: m_ConnectedBody
      value: 
      objectReference: {fileID: 2970744977743466165}
    - target: {fileID: 3167207916921284309, guid: f91f85292a3a67840bf04fc111d7c351, type: 3}
      propertyPath: m_ConnectedBody
      value: 
      objectReference: {fileID: 4220784480678086889}
    - target: {fileID: 5326001191151478127, guid: f91f85292a3a67840bf04fc111d7c351, type: 3}
      propertyPath: m_ConnectedBody
      value: 
      objectReference: {fileID: 5751006729185926477}
    - target: {fileID: 5461990501820245010, guid: f91f85292a3a67840bf04fc111d7c351, type: 3}
      propertyPath: m_ConnectedBody
      value: 
      objectReference: {fileID: 5614454466417499184}
    - target: {fileID: 6734689446810862920, guid: f91f85292a3a67840bf04fc111d7c351, type: 3}
      propertyPath: m_ConnectedBody
      value: 
      objectReference: {fileID: 4220784480678086889}
    - target: {fileID: 6868920649131377717, guid: f91f85292a3a67840bf04fc111d7c351, type: 3}
      propertyPath: m_ConnectedBody
      value: 
      objectReference: {fileID: 4086488544475154836}
    - target: {fileID: 6994362797873128271, guid: f91f85292a3a67840bf04fc111d7c351, type: 3}
      propertyPath: m_ConnectedBody
      value: 
      objectReference: {fileID: 501490181599669998}
    - target: {fileID: 7330122751548058507, guid: f91f85292a3a67840bf04fc111d7c351, type: 3}
      propertyPath: m_RootOrder
      value: 0
      objectReference: {fileID: 0}
    - target: {fileID: 7330122751548058507, guid: f91f85292a3a67840bf04fc111d7c351, type: 3}
      propertyPath: m_LocalPosition.x
      value: 0
      objectReference: {fileID: 0}
    - target: {fileID: 7330122751548058507, guid: f91f85292a3a67840bf04fc111d7c351, type: 3}
      propertyPath: m_LocalPosition.y
      value: 0
      objectReference: {fileID: 0}
    - target: {fileID: 7330122751548058507, guid: f91f85292a3a67840bf04fc111d7c351, type: 3}
      propertyPath: m_LocalPosition.z
      value: 0
      objectReference: {fileID: 0}
    - target: {fileID: 7330122751548058507, guid: f91f85292a3a67840bf04fc111d7c351, type: 3}
      propertyPath: m_LocalRotation.w
      value: 1
      objectReference: {fileID: 0}
    - target: {fileID: 7330122751548058507, guid: f91f85292a3a67840bf04fc111d7c351, type: 3}
      propertyPath: m_LocalRotation.x
      value: 0
      objectReference: {fileID: 0}
    - target: {fileID: 7330122751548058507, guid: f91f85292a3a67840bf04fc111d7c351, type: 3}
      propertyPath: m_LocalRotation.y
      value: 0
      objectReference: {fileID: 0}
    - target: {fileID: 7330122751548058507, guid: f91f85292a3a67840bf04fc111d7c351, type: 3}
      propertyPath: m_LocalRotation.z
      value: 0
      objectReference: {fileID: 0}
    - target: {fileID: 7330122751548058507, guid: f91f85292a3a67840bf04fc111d7c351, type: 3}
      propertyPath: m_LocalEulerAnglesHint.x
      value: 0
      objectReference: {fileID: 0}
    - target: {fileID: 7330122751548058507, guid: f91f85292a3a67840bf04fc111d7c351, type: 3}
      propertyPath: m_LocalEulerAnglesHint.y
      value: 0
      objectReference: {fileID: 0}
    - target: {fileID: 7330122751548058507, guid: f91f85292a3a67840bf04fc111d7c351, type: 3}
      propertyPath: m_LocalEulerAnglesHint.z
      value: 0
      objectReference: {fileID: 0}
    - target: {fileID: 7330122751548058508, guid: f91f85292a3a67840bf04fc111d7c351, type: 3}
      propertyPath: m_Name
      value: Corner 4x4
      objectReference: {fileID: 0}
    - target: {fileID: 7422594643246603818, guid: f91f85292a3a67840bf04fc111d7c351, type: 3}
      propertyPath: m_ConnectedBody
      value: 
      objectReference: {fileID: 7828870323612996142}
    - target: {fileID: 7804321050340916019, guid: f91f85292a3a67840bf04fc111d7c351, type: 3}
      propertyPath: m_ConnectedBody
      value: 
      objectReference: {fileID: 501490181599669998}
    - target: {fileID: 7956635772227287630, guid: f91f85292a3a67840bf04fc111d7c351, type: 3}
      propertyPath: m_ConnectedBody
      value: 
      objectReference: {fileID: 9018906218143749391}
    - target: {fileID: 8471088843862344552, guid: f91f85292a3a67840bf04fc111d7c351, type: 3}
      propertyPath: m_ConnectedBody
      value: 
      objectReference: {fileID: 8334251482091535178}
    m_RemovedComponents: []
  m_SourcePrefab: {fileID: 100100000, guid: f91f85292a3a67840bf04fc111d7c351, type: 3}
--- !u!4 &2823580213259292507 stripped
Transform:
  m_CorrespondingSourceObject: {fileID: 7330122751548058507, guid: f91f85292a3a67840bf04fc111d7c351, type: 3}
  m_PrefabInstance: {fileID: 4798177416371741904}
  m_PrefabAsset: {fileID: 0}
--- !u!54 &8089132540859001916 stripped
Rigidbody:
  m_CorrespondingSourceObject: {fileID: 3662785219332114668, guid: f91f85292a3a67840bf04fc111d7c351, type: 3}
  m_PrefabInstance: {fileID: 4798177416371741904}
  m_PrefabAsset: {fileID: 0}
--- !u!54 &3881495904851865767 stripped
Rigidbody:
  m_CorrespondingSourceObject: {fileID: 8596064394657895543, guid: f91f85292a3a67840bf04fc111d7c351, type: 3}
  m_PrefabInstance: {fileID: 4798177416371741904}
  m_PrefabAsset: {fileID: 0}
--- !u!54 &8243695637315300673 stripped
Rigidbody:
  m_CorrespondingSourceObject: {fileID: 3526865452632246673, guid: f91f85292a3a67840bf04fc111d7c351, type: 3}
  m_PrefabInstance: {fileID: 4798177416371741904}
  m_PrefabAsset: {fileID: 0}
--- !u!54 &5621026937226464070 stripped
Rigidbody:
  m_CorrespondingSourceObject: {fileID: 907311256936558486, guid: f91f85292a3a67840bf04fc111d7c351, type: 3}
  m_PrefabInstance: {fileID: 4798177416371741904}
  m_PrefabAsset: {fileID: 0}
--- !u!54 &7047698350648191773 stripped
Rigidbody:
  m_CorrespondingSourceObject: {fileID: 2547059090553458637, guid: f91f85292a3a67840bf04fc111d7c351, type: 3}
  m_PrefabInstance: {fileID: 4798177416371741904}
  m_PrefabAsset: {fileID: 0}
--- !u!54 &1482501723300003513 stripped
Rigidbody:
  m_CorrespondingSourceObject: {fileID: 6198197211714607721, guid: f91f85292a3a67840bf04fc111d7c351, type: 3}
  m_PrefabInstance: {fileID: 4798177416371741904}
  m_PrefabAsset: {fileID: 0}
--- !u!54 &2617150530419292038 stripped
Rigidbody:
  m_CorrespondingSourceObject: {fileID: 7406011784500237142, guid: f91f85292a3a67840bf04fc111d7c351, type: 3}
  m_PrefabInstance: {fileID: 4798177416371741904}
  m_PrefabAsset: {fileID: 0}
--- !u!54 &5840447109564949026 stripped
Rigidbody:
  m_CorrespondingSourceObject: {fileID: 1412972787281217266, guid: f91f85292a3a67840bf04fc111d7c351, type: 3}
  m_PrefabInstance: {fileID: 4798177416371741904}
  m_PrefabAsset: {fileID: 0}
--- !u!54 &7199944078305552992 stripped
Rigidbody:
  m_CorrespondingSourceObject: {fileID: 2413324730048695984, guid: f91f85292a3a67840bf04fc111d7c351, type: 3}
  m_PrefabInstance: {fileID: 4798177416371741904}
  m_PrefabAsset: {fileID: 0}
--- !u!54 &1636994448872898500 stripped
Rigidbody:
  m_CorrespondingSourceObject: {fileID: 6062207074131598100, guid: f91f85292a3a67840bf04fc111d7c351, type: 3}
  m_PrefabInstance: {fileID: 4798177416371741904}
  m_PrefabAsset: {fileID: 0}
--- !u!54 &6885385117104131175 stripped
Rigidbody:
  m_CorrespondingSourceObject: {fileID: 2097342312800807095, guid: f91f85292a3a67840bf04fc111d7c351, type: 3}
  m_PrefabInstance: {fileID: 4798177416371741904}
  m_PrefabAsset: {fileID: 0}
--- !u!54 &3085351061977717187 stripped
Rigidbody:
  m_CorrespondingSourceObject: {fileID: 7514205957210897683, guid: f91f85292a3a67840bf04fc111d7c351, type: 3}
  m_PrefabInstance: {fileID: 4798177416371741904}
  m_PrefabAsset: {fileID: 0}
