%YAML 1.1
%TAG !u! tag:unity3d.com,2011:
--- !u!1 &7330122751548058508
GameObject:
  m_ObjectHideFlags: 0
  m_CorrespondingSourceObject: {fileID: 0}
  m_PrefabInstance: {fileID: 0}
  m_PrefabAsset: {fileID: 0}
  serializedVersion: 6
  m_Component:
  - component: {fileID: 7330122751548058507}
  m_Layer: 0
  m_Name: Line 4.0x3.0
  m_TagString: Untagged
  m_Icon: {fileID: 0}
  m_NavMeshLayer: 0
  m_StaticEditorFlags: 0
  m_IsActive: 1
--- !u!4 &7330122751548058507
Transform:
  m_ObjectHideFlags: 0
  m_CorrespondingSourceObject: {fileID: 0}
  m_PrefabInstance: {fileID: 0}
  m_PrefabAsset: {fileID: 0}
  m_GameObject: {fileID: 7330122751548058508}
  m_LocalRotation: {x: 0, y: 0, z: 0, w: 1}
  m_LocalPosition: {x: 0, y: 0, z: 0}
  m_LocalScale: {x: 1, y: 1, z: 1}
  m_Children:
  - {fileID: 7466107810211588854}
  - {fileID: 8810998578039645176}
  m_Father: {fileID: 0}
  m_RootOrder: 0
  m_LocalEulerAnglesHint: {x: 0, y: 0, z: 0}
--- !u!1001 &154567906966471037
PrefabInstance:
  m_ObjectHideFlags: 0
  serializedVersion: 2
  m_Modification:
    m_TransformParent: {fileID: 7330122751548058507}
    m_Modifications:
    - target: {fileID: 202798518114354455, guid: d514f3c4e4d29d248bb41ef891d0283a, type: 3}
      propertyPath: m_ConnectedBody
      value: 
      objectReference: {fileID: 541841594485110899}
    - target: {fileID: 570818327198430911, guid: d514f3c4e4d29d248bb41ef891d0283a, type: 3}
      propertyPath: m_ConnectedBody
      value: 
      objectReference: {fileID: 3958036494346580732}
    - target: {fileID: 3726934412654350232, guid: d514f3c4e4d29d248bb41ef891d0283a, type: 3}
      propertyPath: m_ConnectedBody
      value: 
      objectReference: {fileID: 6259419191406308098}
    - target: {fileID: 3736977078577727196, guid: d514f3c4e4d29d248bb41ef891d0283a, type: 3}
      propertyPath: m_ConnectedBody
      value: 
      objectReference: {fileID: 205575536911155871}
    - target: {fileID: 3928039414310009904, guid: d514f3c4e4d29d248bb41ef891d0283a, type: 3}
      propertyPath: m_ConnectedBody
      value: 
      objectReference: {fileID: 541841594485110899}
    - target: {fileID: 4224801685613432991, guid: d514f3c4e4d29d248bb41ef891d0283a, type: 3}
      propertyPath: m_ConnectedBody
      value: 
      objectReference: {fileID: 8025138628311470839}
    - target: {fileID: 4582987307936293687, guid: d514f3c4e4d29d248bb41ef891d0283a, type: 3}
      propertyPath: m_ConnectedBody
      value: 
      objectReference: {fileID: 8025138628311470839}
    - target: {fileID: 6526185422072285537, guid: d514f3c4e4d29d248bb41ef891d0283a, type: 3}
      propertyPath: m_ConnectedBody
      value: 
      objectReference: {fileID: 1112156834321599241}
    - target: {fileID: 6893360677217172169, guid: d514f3c4e4d29d248bb41ef891d0283a, type: 3}
      propertyPath: m_ConnectedBody
      value: 
      objectReference: {fileID: 1112156834321599241}
    - target: {fileID: 7124788628016389353, guid: d514f3c4e4d29d248bb41ef891d0283a, type: 3}
      propertyPath: m_ConnectedBody
      value: 
      objectReference: {fileID: 205575536911155871}
    - target: {fileID: 7330122751548058507, guid: d514f3c4e4d29d248bb41ef891d0283a, type: 3}
      propertyPath: m_RootOrder
      value: 0
      objectReference: {fileID: 0}
    - target: {fileID: 7330122751548058507, guid: d514f3c4e4d29d248bb41ef891d0283a, type: 3}
      propertyPath: m_LocalPosition.x
      value: 0
      objectReference: {fileID: 0}
    - target: {fileID: 7330122751548058507, guid: d514f3c4e4d29d248bb41ef891d0283a, type: 3}
      propertyPath: m_LocalPosition.y
      value: 0
      objectReference: {fileID: 0}
    - target: {fileID: 7330122751548058507, guid: d514f3c4e4d29d248bb41ef891d0283a, type: 3}
      propertyPath: m_LocalPosition.z
      value: 0
      objectReference: {fileID: 0}
    - target: {fileID: 7330122751548058507, guid: d514f3c4e4d29d248bb41ef891d0283a, type: 3}
      propertyPath: m_LocalRotation.w
      value: 1
      objectReference: {fileID: 0}
    - target: {fileID: 7330122751548058507, guid: d514f3c4e4d29d248bb41ef891d0283a, type: 3}
      propertyPath: m_LocalRotation.x
      value: 0
      objectReference: {fileID: 0}
    - target: {fileID: 7330122751548058507, guid: d514f3c4e4d29d248bb41ef891d0283a, type: 3}
      propertyPath: m_LocalRotation.y
      value: 0
      objectReference: {fileID: 0}
    - target: {fileID: 7330122751548058507, guid: d514f3c4e4d29d248bb41ef891d0283a, type: 3}
      propertyPath: m_LocalRotation.z
      value: 0
      objectReference: {fileID: 0}
    - target: {fileID: 7330122751548058507, guid: d514f3c4e4d29d248bb41ef891d0283a, type: 3}
      propertyPath: m_LocalEulerAnglesHint.x
      value: 0
      objectReference: {fileID: 0}
    - target: {fileID: 7330122751548058507, guid: d514f3c4e4d29d248bb41ef891d0283a, type: 3}
      propertyPath: m_LocalEulerAnglesHint.y
      value: 0
      objectReference: {fileID: 0}
    - target: {fileID: 7330122751548058507, guid: d514f3c4e4d29d248bb41ef891d0283a, type: 3}
      propertyPath: m_LocalEulerAnglesHint.z
      value: 0
      objectReference: {fileID: 0}
    - target: {fileID: 7330122751548058508, guid: d514f3c4e4d29d248bb41ef891d0283a, type: 3}
      propertyPath: m_Name
      value: Line 4.0x2.0
      objectReference: {fileID: 0}
    - target: {fileID: 7483818821425803073, guid: d514f3c4e4d29d248bb41ef891d0283a, type: 3}
      propertyPath: m_ConnectedBody
      value: 
      objectReference: {fileID: 6259419191406308098}
    - target: {fileID: 7754565134067567274, guid: d514f3c4e4d29d248bb41ef891d0283a, type: 3}
      propertyPath: m_ConnectedBody
      value: 
      objectReference: {fileID: 4276361753590627178}
    - target: {fileID: 7780368749419037678, guid: d514f3c4e4d29d248bb41ef891d0283a, type: 3}
      propertyPath: m_ConnectedBody
      value: 
      objectReference: {fileID: 4469800125377315206}
    - target: {fileID: 7973121713252956418, guid: d514f3c4e4d29d248bb41ef891d0283a, type: 3}
      propertyPath: m_ConnectedBody
      value: 
      objectReference: {fileID: 4276361753590627178}
    - target: {fileID: 7981192405073489990, guid: d514f3c4e4d29d248bb41ef891d0283a, type: 3}
      propertyPath: m_ConnectedBody
      value: 
      objectReference: {fileID: 4469800125377315206}
    m_RemovedComponents: []
  m_SourcePrefab: {fileID: 100100000, guid: d514f3c4e4d29d248bb41ef891d0283a, type: 3}
--- !u!4 &7466107810211588854 stripped
Transform:
  m_CorrespondingSourceObject: {fileID: 7330122751548058507, guid: d514f3c4e4d29d248bb41ef891d0283a, type: 3}
  m_PrefabInstance: {fileID: 154567906966471037}
  m_PrefabAsset: {fileID: 0}
--- !u!1001 &2305604726147876979
PrefabInstance:
  m_ObjectHideFlags: 0
  serializedVersion: 2
  m_Modification:
    m_TransformParent: {fileID: 7330122751548058507}
    m_Modifications:
    - target: {fileID: 67840544987028873, guid: 9f7f7a4574a77c54bbe6eedb279b9622, type: 3}
      propertyPath: m_ConnectedBody
      value: 
      objectReference: {fileID: 0}
    - target: {fileID: 417300460346371617, guid: 9f7f7a4574a77c54bbe6eedb279b9622, type: 3}
      propertyPath: m_ConnectedBody
      value: 
      objectReference: {fileID: 0}
    - target: {fileID: 3574102915935999750, guid: 9f7f7a4574a77c54bbe6eedb279b9622, type: 3}
      propertyPath: m_ConnectedBody
      value: 
      objectReference: {fileID: 0}
    - target: {fileID: 3602053327742541378, guid: 9f7f7a4574a77c54bbe6eedb279b9622, type: 3}
      propertyPath: m_ConnectedBody
      value: 
      objectReference: {fileID: 0}
    - target: {fileID: 3792677095781622958, guid: 9f7f7a4574a77c54bbe6eedb279b9622, type: 3}
      propertyPath: m_ConnectedBody
      value: 
      objectReference: {fileID: 0}
    - target: {fileID: 3802894584053558762, guid: 9f7f7a4574a77c54bbe6eedb279b9622, type: 3}
      propertyPath: m_ConnectedBody
      value: 
      objectReference: {fileID: 0}
    - target: {fileID: 4071529007706359809, guid: 9f7f7a4574a77c54bbe6eedb279b9622, type: 3}
      propertyPath: m_ConnectedBody
      value: 
      objectReference: {fileID: 0}
    - target: {fileID: 4448274523755002793, guid: 9f7f7a4574a77c54bbe6eedb279b9622, type: 3}
      propertyPath: m_ConnectedBody
      value: 
      objectReference: {fileID: 0}
    - target: {fileID: 6390840556134535679, guid: 9f7f7a4574a77c54bbe6eedb279b9622, type: 3}
      propertyPath: m_ConnectedBody
      value: 
      objectReference: {fileID: 0}
    - target: {fileID: 6740582092357263959, guid: 9f7f7a4574a77c54bbe6eedb279b9622, type: 3}
      propertyPath: m_ConnectedBody
      value: 
      objectReference: {fileID: 0}
    - target: {fileID: 6971903392676594807, guid: 9f7f7a4574a77c54bbe6eedb279b9622, type: 3}
      propertyPath: m_ConnectedBody
      value: 
      objectReference: {fileID: 0}
    - target: {fileID: 7330122751548058507, guid: 9f7f7a4574a77c54bbe6eedb279b9622, type: 3}
      propertyPath: m_RootOrder
      value: 1
      objectReference: {fileID: 0}
    - target: {fileID: 7330122751548058507, guid: 9f7f7a4574a77c54bbe6eedb279b9622, type: 3}
      propertyPath: m_LocalPosition.x
      value: 0
      objectReference: {fileID: 0}
    - target: {fileID: 7330122751548058507, guid: 9f7f7a4574a77c54bbe6eedb279b9622, type: 3}
      propertyPath: m_LocalPosition.y
      value: 1.2
      objectReference: {fileID: 0}
    - target: {fileID: 7330122751548058507, guid: 9f7f7a4574a77c54bbe6eedb279b9622, type: 3}
      propertyPath: m_LocalPosition.z
      value: 0
      objectReference: {fileID: 0}
    - target: {fileID: 7330122751548058507, guid: 9f7f7a4574a77c54bbe6eedb279b9622, type: 3}
      propertyPath: m_LocalRotation.w
      value: 1
      objectReference: {fileID: 0}
    - target: {fileID: 7330122751548058507, guid: 9f7f7a4574a77c54bbe6eedb279b9622, type: 3}
      propertyPath: m_LocalRotation.x
      value: 0
      objectReference: {fileID: 0}
    - target: {fileID: 7330122751548058507, guid: 9f7f7a4574a77c54bbe6eedb279b9622, type: 3}
      propertyPath: m_LocalRotation.y
      value: 0
      objectReference: {fileID: 0}
    - target: {fileID: 7330122751548058507, guid: 9f7f7a4574a77c54bbe6eedb279b9622, type: 3}
      propertyPath: m_LocalRotation.z
      value: 0
      objectReference: {fileID: 0}
    - target: {fileID: 7330122751548058507, guid: 9f7f7a4574a77c54bbe6eedb279b9622, type: 3}
      propertyPath: m_LocalEulerAnglesHint.x
      value: 0
      objectReference: {fileID: 0}
    - target: {fileID: 7330122751548058507, guid: 9f7f7a4574a77c54bbe6eedb279b9622, type: 3}
      propertyPath: m_LocalEulerAnglesHint.y
      value: 0
      objectReference: {fileID: 0}
    - target: {fileID: 7330122751548058507, guid: 9f7f7a4574a77c54bbe6eedb279b9622, type: 3}
      propertyPath: m_LocalEulerAnglesHint.z
      value: 0
      objectReference: {fileID: 0}
    - target: {fileID: 7330122751548058508, guid: 9f7f7a4574a77c54bbe6eedb279b9622, type: 3}
      propertyPath: m_Name
      value: Line 4.0x
      objectReference: {fileID: 0}
    - target: {fileID: 7348367305007118303, guid: 9f7f7a4574a77c54bbe6eedb279b9622, type: 3}
      propertyPath: m_ConnectedBody
      value: 
      objectReference: {fileID: 0}
    - target: {fileID: 7619183846814552628, guid: 9f7f7a4574a77c54bbe6eedb279b9622, type: 3}
      propertyPath: m_ConnectedBody
      value: 
      objectReference: {fileID: 0}
    - target: {fileID: 7626868610053479280, guid: 9f7f7a4574a77c54bbe6eedb279b9622, type: 3}
      propertyPath: m_ConnectedBody
      value: 
      objectReference: {fileID: 0}
    - target: {fileID: 7846287068909005016, guid: 9f7f7a4574a77c54bbe6eedb279b9622, type: 3}
      propertyPath: m_ConnectedBody
      value: 
      objectReference: {fileID: 0}
    m_RemovedComponents: []
  m_SourcePrefab: {fileID: 100100000, guid: 9f7f7a4574a77c54bbe6eedb279b9622, type: 3}
--- !u!4 &8810998578039645176 stripped
Transform:
  m_CorrespondingSourceObject: {fileID: 7330122751548058507, guid: 9f7f7a4574a77c54bbe6eedb279b9622, type: 3}
  m_PrefabInstance: {fileID: 2305604726147876979}
  m_PrefabAsset: {fileID: 0}
--- !u!54 &3958036494346580732 stripped
Rigidbody:
  m_CorrespondingSourceObject: {fileID: 2959676879877896847, guid: 9f7f7a4574a77c54bbe6eedb279b9622, type: 3}
  m_PrefabInstance: {fileID: 2305604726147876979}
  m_PrefabAsset: {fileID: 0}
--- !u!54 &1112156834321599241 stripped
Rigidbody:
  m_CorrespondingSourceObject: {fileID: 1193467060810843002, guid: 9f7f7a4574a77c54bbe6eedb279b9622, type: 3}
  m_PrefabInstance: {fileID: 2305604726147876979}
  m_PrefabAsset: {fileID: 0}
--- !u!54 &541841594485110899 stripped
Rigidbody:
  m_CorrespondingSourceObject: {fileID: 1763763192373276672, guid: 9f7f7a4574a77c54bbe6eedb279b9622, type: 3}
  m_PrefabInstance: {fileID: 2305604726147876979}
  m_PrefabAsset: {fileID: 0}
--- !u!54 &4469800125377315206 stripped
Rigidbody:
  m_CorrespondingSourceObject: {fileID: 2447931523901229557, guid: 9f7f7a4574a77c54bbe6eedb279b9622, type: 3}
  m_PrefabInstance: {fileID: 2305604726147876979}
  m_PrefabAsset: {fileID: 0}
--- !u!54 &6259419191406308098 stripped
Rigidbody:
  m_CorrespondingSourceObject: {fileID: 5269998674133951345, guid: 9f7f7a4574a77c54bbe6eedb279b9622, type: 3}
  m_PrefabInstance: {fileID: 2305604726147876979}
  m_PrefabAsset: {fileID: 0}
--- !u!54 &8025138628311470839 stripped
Rigidbody:
  m_CorrespondingSourceObject: {fileID: 8115524291405339268, guid: 9f7f7a4574a77c54bbe6eedb279b9622, type: 3}
  m_PrefabInstance: {fileID: 2305604726147876979}
  m_PrefabAsset: {fileID: 0}
--- !u!54 &205575536911155871 stripped
Rigidbody:
  m_CorrespondingSourceObject: {fileID: 2100223979428514540, guid: 9f7f7a4574a77c54bbe6eedb279b9622, type: 3}
  m_PrefabInstance: {fileID: 2305604726147876979}
  m_PrefabAsset: {fileID: 0}
--- !u!54 &4276361753590627178 stripped
Rigidbody:
  m_CorrespondingSourceObject: {fileID: 2641245818418656025, guid: 9f7f7a4574a77c54bbe6eedb279b9622, type: 3}
  m_PrefabInstance: {fileID: 2305604726147876979}
  m_PrefabAsset: {fileID: 0}
