%YAML 1.1
%TAG !u! tag:unity3d.com,2011:
--- !u!1 &8771082236765679560
GameObject:
  m_ObjectHideFlags: 0
  m_CorrespondingSourceObject: {fileID: 0}
  m_PrefabInstance: {fileID: 0}
  m_PrefabAsset: {fileID: 0}
  serializedVersion: 6
  m_Component:
  - component: {fileID: 8771082236765679567}
  m_Layer: 0
  m_Name: Half Segment
  m_TagString: Untagged
  m_Icon: {fileID: 0}
  m_NavMeshLayer: 0
  m_StaticEditorFlags: 0
  m_IsActive: 1
--- !u!4 &8771082236765679567
Transform:
  m_ObjectHideFlags: 0
  m_CorrespondingSourceObject: {fileID: 0}
  m_PrefabInstance: {fileID: 0}
  m_PrefabAsset: {fileID: 0}
  m_GameObject: {fileID: 8771082236765679560}
  m_LocalRotation: {x: 0, y: 0, z: 0, w: 1}
  m_LocalPosition: {x: 0, y: 0, z: 0}
  m_LocalScale: {x: 1, y: 1, z: 1}
  m_Children:
  - {fileID: 837580080554827664}
  - {fileID: 9134212211376867892}
  m_Father: {fileID: 0}
  m_RootOrder: 0
  m_LocalEulerAnglesHint: {x: 0, y: 0, z: 0}
--- !u!1001 &1485441368531323544
PrefabInstance:
  m_ObjectHideFlags: 0
  serializedVersion: 2
  m_Modification:
    m_TransformParent: {fileID: 8771082236765679567}
    m_Modifications:
    - target: {fileID: 2217984687278856586, guid: 77dc5453384360241858106fd7a40b20, type: 3}
      propertyPath: m_ConnectedBody
      value: 
      objectReference: {fileID: 0}
    - target: {fileID: 2234620669102069000, guid: 77dc5453384360241858106fd7a40b20, type: 3}
      propertyPath: m_RootOrder
      value: 0
      objectReference: {fileID: 0}
    - target: {fileID: 2234620669102069000, guid: 77dc5453384360241858106fd7a40b20, type: 3}
      propertyPath: m_LocalPosition.x
      value: 0
      objectReference: {fileID: 0}
    - target: {fileID: 2234620669102069000, guid: 77dc5453384360241858106fd7a40b20, type: 3}
      propertyPath: m_LocalPosition.y
      value: -0.6
      objectReference: {fileID: 0}
    - target: {fileID: 2234620669102069000, guid: 77dc5453384360241858106fd7a40b20, type: 3}
      propertyPath: m_LocalPosition.z
      value: -0.60000014
      objectReference: {fileID: 0}
    - target: {fileID: 2234620669102069000, guid: 77dc5453384360241858106fd7a40b20, type: 3}
      propertyPath: m_LocalRotation.w
      value: 1
      objectReference: {fileID: 0}
    - target: {fileID: 2234620669102069000, guid: 77dc5453384360241858106fd7a40b20, type: 3}
      propertyPath: m_LocalRotation.x
      value: -0
      objectReference: {fileID: 0}
    - target: {fileID: 2234620669102069000, guid: 77dc5453384360241858106fd7a40b20, type: 3}
      propertyPath: m_LocalRotation.y
      value: -0
      objectReference: {fileID: 0}
    - target: {fileID: 2234620669102069000, guid: 77dc5453384360241858106fd7a40b20, type: 3}
      propertyPath: m_LocalRotation.z
      value: -0
      objectReference: {fileID: 0}
    - target: {fileID: 2234620669102069000, guid: 77dc5453384360241858106fd7a40b20, type: 3}
      propertyPath: m_LocalEulerAnglesHint.x
      value: 0
      objectReference: {fileID: 0}
    - target: {fileID: 2234620669102069000, guid: 77dc5453384360241858106fd7a40b20, type: 3}
      propertyPath: m_LocalEulerAnglesHint.y
      value: 0
      objectReference: {fileID: 0}
    - target: {fileID: 2234620669102069000, guid: 77dc5453384360241858106fd7a40b20, type: 3}
      propertyPath: m_LocalEulerAnglesHint.z
      value: 0
      objectReference: {fileID: 0}
    - target: {fileID: 2234620669102069003, guid: 77dc5453384360241858106fd7a40b20, type: 3}
      propertyPath: m_Name
      value: Brick (1)
      objectReference: {fileID: 0}
    - target: {fileID: 4881201043205088852, guid: 77dc5453384360241858106fd7a40b20, type: 3}
      propertyPath: m_ConnectedBody
      value: 
      objectReference: {fileID: 9134212211376868298}
    - target: {fileID: 7357411764222900232, guid: 77dc5453384360241858106fd7a40b20, type: 3}
      propertyPath: m_ConnectedBody
      value: 
      objectReference: {fileID: 0}
    m_RemovedComponents: []
  m_SourcePrefab: {fileID: 100100000, guid: 77dc5453384360241858106fd7a40b20, type: 3}
--- !u!4 &837580080554827664 stripped
Transform:
  m_CorrespondingSourceObject: {fileID: 2234620669102069000, guid: 77dc5453384360241858106fd7a40b20, type: 3}
  m_PrefabInstance: {fileID: 1485441368531323544}
  m_PrefabAsset: {fileID: 0}
--- !u!1001 &7044133620221763388
PrefabInstance:
  m_ObjectHideFlags: 0
  serializedVersion: 2
  m_Modification:
    m_TransformParent: {fileID: 8771082236765679567}
    m_Modifications:
    - target: {fileID: 2234620669102069000, guid: 77dc5453384360241858106fd7a40b20, type: 3}
      propertyPath: m_RootOrder
      value: 1
      objectReference: {fileID: 0}
    - target: {fileID: 2234620669102069000, guid: 77dc5453384360241858106fd7a40b20, type: 3}
      propertyPath: m_LocalPosition.x
      value: 0
      objectReference: {fileID: 0}
    - target: {fileID: 2234620669102069000, guid: 77dc5453384360241858106fd7a40b20, type: 3}
      propertyPath: m_LocalPosition.y
      value: -0.3
      objectReference: {fileID: 0}
    - target: {fileID: 2234620669102069000, guid: 77dc5453384360241858106fd7a40b20, type: 3}
      propertyPath: m_LocalPosition.z
      value: -0.3
      objectReference: {fileID: 0}
    - target: {fileID: 2234620669102069000, guid: 77dc5453384360241858106fd7a40b20, type: 3}
      propertyPath: m_LocalRotation.w
      value: 1
      objectReference: {fileID: 0}
    - target: {fileID: 2234620669102069000, guid: 77dc5453384360241858106fd7a40b20, type: 3}
      propertyPath: m_LocalRotation.x
      value: -0
      objectReference: {fileID: 0}
    - target: {fileID: 2234620669102069000, guid: 77dc5453384360241858106fd7a40b20, type: 3}
      propertyPath: m_LocalRotation.y
      value: -0
      objectReference: {fileID: 0}
    - target: {fileID: 2234620669102069000, guid: 77dc5453384360241858106fd7a40b20, type: 3}
      propertyPath: m_LocalRotation.z
      value: -0
      objectReference: {fileID: 0}
    - target: {fileID: 2234620669102069000, guid: 77dc5453384360241858106fd7a40b20, type: 3}
      propertyPath: m_LocalEulerAnglesHint.x
      value: 0
      objectReference: {fileID: 0}
    - target: {fileID: 2234620669102069000, guid: 77dc5453384360241858106fd7a40b20, type: 3}
      propertyPath: m_LocalEulerAnglesHint.y
      value: 0
      objectReference: {fileID: 0}
    - target: {fileID: 2234620669102069000, guid: 77dc5453384360241858106fd7a40b20, type: 3}
      propertyPath: m_LocalEulerAnglesHint.z
      value: 0
      objectReference: {fileID: 0}
    - target: {fileID: 2234620669102069003, guid: 77dc5453384360241858106fd7a40b20, type: 3}
      propertyPath: m_Name
      value: Brick (3)
      objectReference: {fileID: 0}
    - target: {fileID: 7357411764222900232, guid: 77dc5453384360241858106fd7a40b20, type: 3}
      propertyPath: m_ConnectedBody
      value: 
      objectReference: {fileID: 0}
    m_RemovedComponents: []
  m_SourcePrefab: {fileID: 100100000, guid: 77dc5453384360241858106fd7a40b20, type: 3}
--- !u!4 &9134212211376867892 stripped
Transform:
  m_CorrespondingSourceObject: {fileID: 2234620669102069000, guid: 77dc5453384360241858106fd7a40b20, type: 3}
  m_PrefabInstance: {fileID: 7044133620221763388}
  m_PrefabAsset: {fileID: 0}
--- !u!54 &9134212211376868298 stripped
Rigidbody:
  m_CorrespondingSourceObject: {fileID: 2234620669102068982, guid: 77dc5453384360241858106fd7a40b20, type: 3}
  m_PrefabInstance: {fileID: 7044133620221763388}
  m_PrefabAsset: {fileID: 0}
