%YAML 1.1
%TAG !u! tag:unity3d.com,2011:
--- !u!1 &7330122751548058508
GameObject:
  m_ObjectHideFlags: 0
  m_CorrespondingSourceObject: {fileID: 0}
  m_PrefabInstance: {fileID: 0}
  m_PrefabAsset: {fileID: 0}
  serializedVersion: 6
  m_Component:
  - component: {fileID: 7330122751548058507}
  m_Layer: 0
  m_Name: Roof Side
  m_TagString: Untagged
  m_Icon: {fileID: 0}
  m_NavMeshLayer: 0
  m_StaticEditorFlags: 0
  m_IsActive: 1
--- !u!4 &7330122751548058507
Transform:
  m_ObjectHideFlags: 0
  m_CorrespondingSourceObject: {fileID: 0}
  m_PrefabInstance: {fileID: 0}
  m_PrefabAsset: {fileID: 0}
  m_GameObject: {fileID: 7330122751548058508}
  m_LocalRotation: {x: 0, y: 0, z: 0, w: 1}
  m_LocalPosition: {x: 0, y: 0, z: 0}
  m_LocalScale: {x: 1, y: 1, z: 1}
  m_Children:
  - {fileID: 1868604692418178838}
  - {fileID: 390336582854753186}
  - {fileID: 3460922431981754300}
  m_Father: {fileID: 0}
  m_RootOrder: 0
  m_LocalEulerAnglesHint: {x: 0, y: 0, z: 0}
--- !u!1001 &6178509137118493751
PrefabInstance:
  m_ObjectHideFlags: 0
  serializedVersion: 2
  m_Modification:
    m_TransformParent: {fileID: 7330122751548058507}
    m_Modifications:
    - target: {fileID: 7330122751548058507, guid: fea09b97a93c8524bb74a4b704a0c947, type: 3}
      propertyPath: m_RootOrder
      value: 2
      objectReference: {fileID: 0}
    - target: {fileID: 7330122751548058507, guid: fea09b97a93c8524bb74a4b704a0c947, type: 3}
      propertyPath: m_LocalPosition.x
      value: -1.2086
      objectReference: {fileID: 0}
    - target: {fileID: 7330122751548058507, guid: fea09b97a93c8524bb74a4b704a0c947, type: 3}
      propertyPath: m_LocalPosition.y
      value: 1.842
      objectReference: {fileID: 0}
    - target: {fileID: 7330122751548058507, guid: fea09b97a93c8524bb74a4b704a0c947, type: 3}
      propertyPath: m_LocalPosition.z
      value: 2
      objectReference: {fileID: 0}
    - target: {fileID: 7330122751548058507, guid: fea09b97a93c8524bb74a4b704a0c947, type: 3}
      propertyPath: m_LocalRotation.w
      value: 1
      objectReference: {fileID: 0}
    - target: {fileID: 7330122751548058507, guid: fea09b97a93c8524bb74a4b704a0c947, type: 3}
      propertyPath: m_LocalRotation.x
      value: 0
      objectReference: {fileID: 0}
    - target: {fileID: 7330122751548058507, guid: fea09b97a93c8524bb74a4b704a0c947, type: 3}
      propertyPath: m_LocalRotation.y
      value: 0
      objectReference: {fileID: 0}
    - target: {fileID: 7330122751548058507, guid: fea09b97a93c8524bb74a4b704a0c947, type: 3}
      propertyPath: m_LocalRotation.z
      value: 0
      objectReference: {fileID: 0}
    - target: {fileID: 7330122751548058507, guid: fea09b97a93c8524bb74a4b704a0c947, type: 3}
      propertyPath: m_LocalEulerAnglesHint.x
      value: 0
      objectReference: {fileID: 0}
    - target: {fileID: 7330122751548058507, guid: fea09b97a93c8524bb74a4b704a0c947, type: 3}
      propertyPath: m_LocalEulerAnglesHint.y
      value: 0
      objectReference: {fileID: 0}
    - target: {fileID: 7330122751548058507, guid: fea09b97a93c8524bb74a4b704a0c947, type: 3}
      propertyPath: m_LocalEulerAnglesHint.z
      value: 0
      objectReference: {fileID: 0}
    - target: {fileID: 7330122751548058508, guid: fea09b97a93c8524bb74a4b704a0c947, type: 3}
      propertyPath: m_Name
      value: RoofPanel (2)
      objectReference: {fileID: 0}
    m_RemovedComponents: []
  m_SourcePrefab: {fileID: 100100000, guid: fea09b97a93c8524bb74a4b704a0c947, type: 3}
--- !u!4 &3460922431981754300 stripped
Transform:
  m_CorrespondingSourceObject: {fileID: 7330122751548058507, guid: fea09b97a93c8524bb74a4b704a0c947, type: 3}
  m_PrefabInstance: {fileID: 6178509137118493751}
  m_PrefabAsset: {fileID: 0}
--- !u!54 &4407969978258404566 stripped
Rigidbody:
  m_CorrespondingSourceObject: {fileID: 7535146716540848353, guid: fea09b97a93c8524bb74a4b704a0c947, type: 3}
  m_PrefabInstance: {fileID: 6178509137118493751}
  m_PrefabAsset: {fileID: 0}
--- !u!54 &5767687693452702189 stripped
Rigidbody:
  m_CorrespondingSourceObject: {fileID: 411103228165361114, guid: fea09b97a93c8524bb74a4b704a0c947, type: 3}
  m_PrefabInstance: {fileID: 6178509137118493751}
  m_PrefabAsset: {fileID: 0}
--- !u!54 &6168105930127437714 stripped
Rigidbody:
  m_CorrespondingSourceObject: {fileID: 11253479520211877, guid: fea09b97a93c8524bb74a4b704a0c947, type: 3}
  m_PrefabInstance: {fileID: 6178509137118493751}
  m_PrefabAsset: {fileID: 0}
--- !u!54 &6863480265564038232 stripped
Rigidbody:
  m_CorrespondingSourceObject: {fileID: 757031059487119471, guid: fea09b97a93c8524bb74a4b704a0c947, type: 3}
  m_PrefabInstance: {fileID: 6178509137118493751}
  m_PrefabAsset: {fileID: 0}
--- !u!54 &4175225350655179576 stripped
Rigidbody:
  m_CorrespondingSourceObject: {fileID: 7804483097540560655, guid: fea09b97a93c8524bb74a4b704a0c947, type: 3}
  m_PrefabInstance: {fileID: 6178509137118493751}
  m_PrefabAsset: {fileID: 0}
--- !u!1001 &6976940879103807529
PrefabInstance:
  m_ObjectHideFlags: 0
  serializedVersion: 2
  m_Modification:
    m_TransformParent: {fileID: 7330122751548058507}
    m_Modifications:
    - target: {fileID: 1850492253772024460, guid: fea09b97a93c8524bb74a4b704a0c947, type: 3}
      propertyPath: m_ConnectedBody
      value: 
      objectReference: {fileID: 4407969978258404566}
    - target: {fileID: 2154026443334605493, guid: fea09b97a93c8524bb74a4b704a0c947, type: 3}
      propertyPath: m_ConnectedBody
      value: 
      objectReference: {fileID: 6168105930127437714}
    - target: {fileID: 2251870723774261578, guid: fea09b97a93c8524bb74a4b704a0c947, type: 3}
      propertyPath: m_ConnectedBody
      value: 
      objectReference: {fileID: 4175225350655179576}
    - target: {fileID: 2753577068860803083, guid: fea09b97a93c8524bb74a4b704a0c947, type: 3}
      propertyPath: m_ConnectedBody
      value: 
      objectReference: {fileID: 6863480265564038232}
    - target: {fileID: 3082444614926674308, guid: fea09b97a93c8524bb74a4b704a0c947, type: 3}
      propertyPath: m_ConnectedBody
      value: 
      objectReference: {fileID: 6863480265564038232}
    - target: {fileID: 5904262420576669111, guid: fea09b97a93c8524bb74a4b704a0c947, type: 3}
      propertyPath: m_ConnectedBody
      value: 
      objectReference: {fileID: 5767687693452702189}
    - target: {fileID: 6177461108691525006, guid: fea09b97a93c8524bb74a4b704a0c947, type: 3}
      propertyPath: m_ConnectedBody
      value: 
      objectReference: {fileID: 5767687693452702189}
    - target: {fileID: 6824138170503188783, guid: fea09b97a93c8524bb74a4b704a0c947, type: 3}
      propertyPath: m_ConnectedBody
      value: 
      objectReference: {fileID: 4407969978258404566}
    - target: {fileID: 7104824848699731647, guid: fea09b97a93c8524bb74a4b704a0c947, type: 3}
      propertyPath: m_ConnectedBody
      value: 
      objectReference: {fileID: 6168105930127437714}
    - target: {fileID: 7330122751548058507, guid: fea09b97a93c8524bb74a4b704a0c947, type: 3}
      propertyPath: m_RootOrder
      value: 1
      objectReference: {fileID: 0}
    - target: {fileID: 7330122751548058507, guid: fea09b97a93c8524bb74a4b704a0c947, type: 3}
      propertyPath: m_LocalPosition.x
      value: -1.6313
      objectReference: {fileID: 0}
    - target: {fileID: 7330122751548058507, guid: fea09b97a93c8524bb74a4b704a0c947, type: 3}
      propertyPath: m_LocalPosition.y
      value: 0.9355
      objectReference: {fileID: 0}
    - target: {fileID: 7330122751548058507, guid: fea09b97a93c8524bb74a4b704a0c947, type: 3}
      propertyPath: m_LocalPosition.z
      value: 2
      objectReference: {fileID: 0}
    - target: {fileID: 7330122751548058507, guid: fea09b97a93c8524bb74a4b704a0c947, type: 3}
      propertyPath: m_LocalRotation.w
      value: 1
      objectReference: {fileID: 0}
    - target: {fileID: 7330122751548058507, guid: fea09b97a93c8524bb74a4b704a0c947, type: 3}
      propertyPath: m_LocalRotation.x
      value: 0
      objectReference: {fileID: 0}
    - target: {fileID: 7330122751548058507, guid: fea09b97a93c8524bb74a4b704a0c947, type: 3}
      propertyPath: m_LocalRotation.y
      value: 0
      objectReference: {fileID: 0}
    - target: {fileID: 7330122751548058507, guid: fea09b97a93c8524bb74a4b704a0c947, type: 3}
      propertyPath: m_LocalRotation.z
      value: 0
      objectReference: {fileID: 0}
    - target: {fileID: 7330122751548058507, guid: fea09b97a93c8524bb74a4b704a0c947, type: 3}
      propertyPath: m_LocalEulerAnglesHint.x
      value: 0
      objectReference: {fileID: 0}
    - target: {fileID: 7330122751548058507, guid: fea09b97a93c8524bb74a4b704a0c947, type: 3}
      propertyPath: m_LocalEulerAnglesHint.y
      value: 0
      objectReference: {fileID: 0}
    - target: {fileID: 7330122751548058507, guid: fea09b97a93c8524bb74a4b704a0c947, type: 3}
      propertyPath: m_LocalEulerAnglesHint.z
      value: 0
      objectReference: {fileID: 0}
    - target: {fileID: 7330122751548058508, guid: fea09b97a93c8524bb74a4b704a0c947, type: 3}
      propertyPath: m_Name
      value: RoofPanel (1)
      objectReference: {fileID: 0}
    - target: {fileID: 7955828937769389872, guid: fea09b97a93c8524bb74a4b704a0c947, type: 3}
      propertyPath: m_ConnectedBody
      value: 
      objectReference: {fileID: 4175225350655179576}
    m_RemovedComponents: []
  m_SourcePrefab: {fileID: 100100000, guid: fea09b97a93c8524bb74a4b704a0c947, type: 3}
--- !u!4 &390336582854753186 stripped
Transform:
  m_CorrespondingSourceObject: {fileID: 7330122751548058507, guid: fea09b97a93c8524bb74a4b704a0c947, type: 3}
  m_PrefabInstance: {fileID: 6976940879103807529}
  m_PrefabAsset: {fileID: 0}
--- !u!54 &594803662463441096 stripped
Rigidbody:
  m_CorrespondingSourceObject: {fileID: 7535146716540848353, guid: fea09b97a93c8524bb74a4b704a0c947, type: 3}
  m_PrefabInstance: {fileID: 6976940879103807529}
  m_PrefabAsset: {fileID: 0}
--- !u!54 &7306979304556092915 stripped
Rigidbody:
  m_CorrespondingSourceObject: {fileID: 411103228165361114, guid: fea09b97a93c8524bb74a4b704a0c947, type: 3}
  m_PrefabInstance: {fileID: 6976940879103807529}
  m_PrefabAsset: {fileID: 0}
--- !u!54 &6986464255560663948 stripped
Rigidbody:
  m_CorrespondingSourceObject: {fileID: 11253479520211877, guid: fea09b97a93c8524bb74a4b704a0c947, type: 3}
  m_PrefabInstance: {fileID: 6976940879103807529}
  m_PrefabAsset: {fileID: 0}
--- !u!54 &7661345891919890502 stripped
Rigidbody:
  m_CorrespondingSourceObject: {fileID: 757031059487119471, guid: fea09b97a93c8524bb74a4b704a0c947, type: 3}
  m_PrefabInstance: {fileID: 6976940879103807529}
  m_PrefabAsset: {fileID: 0}
--- !u!54 &908613067683682086 stripped
Rigidbody:
  m_CorrespondingSourceObject: {fileID: 7804483097540560655, guid: fea09b97a93c8524bb74a4b704a0c947, type: 3}
  m_PrefabInstance: {fileID: 6976940879103807529}
  m_PrefabAsset: {fileID: 0}
--- !u!1001 &8959715604037715101
PrefabInstance:
  m_ObjectHideFlags: 0
  serializedVersion: 2
  m_Modification:
    m_TransformParent: {fileID: 7330122751548058507}
    m_Modifications:
    - target: {fileID: 1850492253772024460, guid: fea09b97a93c8524bb74a4b704a0c947, type: 3}
      propertyPath: m_ConnectedBody
      value: 
      objectReference: {fileID: 594803662463441096}
    - target: {fileID: 1934254224733675847, guid: fea09b97a93c8524bb74a4b704a0c947, type: 3}
      propertyPath: m_ConnectedBody
      value: 
      objectReference: {fileID: 908613067683682086}
    - target: {fileID: 2154026443334605493, guid: fea09b97a93c8524bb74a4b704a0c947, type: 3}
      propertyPath: m_ConnectedBody
      value: 
      objectReference: {fileID: 6986464255560663948}
    - target: {fileID: 2753577068860803083, guid: fea09b97a93c8524bb74a4b704a0c947, type: 3}
      propertyPath: m_ConnectedBody
      value: 
      objectReference: {fileID: 7661345891919890502}
    - target: {fileID: 3082444614926674308, guid: fea09b97a93c8524bb74a4b704a0c947, type: 3}
      propertyPath: m_ConnectedBody
      value: 
      objectReference: {fileID: 7661345891919890502}
    - target: {fileID: 5904262420576669111, guid: fea09b97a93c8524bb74a4b704a0c947, type: 3}
      propertyPath: m_ConnectedBody
      value: 
      objectReference: {fileID: 7306979304556092915}
    - target: {fileID: 6177461108691525006, guid: fea09b97a93c8524bb74a4b704a0c947, type: 3}
      propertyPath: m_ConnectedBody
      value: 
      objectReference: {fileID: 7306979304556092915}
    - target: {fileID: 6824138170503188783, guid: fea09b97a93c8524bb74a4b704a0c947, type: 3}
      propertyPath: m_ConnectedBody
      value: 
      objectReference: {fileID: 594803662463441096}
    - target: {fileID: 7104824848699731647, guid: fea09b97a93c8524bb74a4b704a0c947, type: 3}
      propertyPath: m_ConnectedBody
      value: 
      objectReference: {fileID: 6986464255560663948}
    - target: {fileID: 7330122751548058507, guid: fea09b97a93c8524bb74a4b704a0c947, type: 3}
      propertyPath: m_RootOrder
      value: 0
      objectReference: {fileID: 0}
    - target: {fileID: 7330122751548058507, guid: fea09b97a93c8524bb74a4b704a0c947, type: 3}
      propertyPath: m_LocalPosition.x
      value: -2.054
      objectReference: {fileID: 0}
    - target: {fileID: 7330122751548058507, guid: fea09b97a93c8524bb74a4b704a0c947, type: 3}
      propertyPath: m_LocalPosition.y
      value: 0.029
      objectReference: {fileID: 0}
    - target: {fileID: 7330122751548058507, guid: fea09b97a93c8524bb74a4b704a0c947, type: 3}
      propertyPath: m_LocalPosition.z
      value: 2
      objectReference: {fileID: 0}
    - target: {fileID: 7330122751548058507, guid: fea09b97a93c8524bb74a4b704a0c947, type: 3}
      propertyPath: m_LocalRotation.w
      value: 1
      objectReference: {fileID: 0}
    - target: {fileID: 7330122751548058507, guid: fea09b97a93c8524bb74a4b704a0c947, type: 3}
      propertyPath: m_LocalRotation.x
      value: 0
      objectReference: {fileID: 0}
    - target: {fileID: 7330122751548058507, guid: fea09b97a93c8524bb74a4b704a0c947, type: 3}
      propertyPath: m_LocalRotation.y
      value: 0
      objectReference: {fileID: 0}
    - target: {fileID: 7330122751548058507, guid: fea09b97a93c8524bb74a4b704a0c947, type: 3}
      propertyPath: m_LocalRotation.z
      value: 0
      objectReference: {fileID: 0}
    - target: {fileID: 7330122751548058507, guid: fea09b97a93c8524bb74a4b704a0c947, type: 3}
      propertyPath: m_LocalEulerAnglesHint.x
      value: 0
      objectReference: {fileID: 0}
    - target: {fileID: 7330122751548058507, guid: fea09b97a93c8524bb74a4b704a0c947, type: 3}
      propertyPath: m_LocalEulerAnglesHint.y
      value: 0
      objectReference: {fileID: 0}
    - target: {fileID: 7330122751548058507, guid: fea09b97a93c8524bb74a4b704a0c947, type: 3}
      propertyPath: m_LocalEulerAnglesHint.z
      value: 0
      objectReference: {fileID: 0}
    - target: {fileID: 7330122751548058508, guid: fea09b97a93c8524bb74a4b704a0c947, type: 3}
      propertyPath: m_Name
      value: RoofPanel
      objectReference: {fileID: 0}
    - target: {fileID: 7955828937769389872, guid: fea09b97a93c8524bb74a4b704a0c947, type: 3}
      propertyPath: m_ConnectedBody
      value: 
      objectReference: {fileID: 908613067683682086}
    m_RemovedComponents: []
  m_SourcePrefab: {fileID: 100100000, guid: fea09b97a93c8524bb74a4b704a0c947, type: 3}
--- !u!4 &1868604692418178838 stripped
Transform:
  m_CorrespondingSourceObject: {fileID: 7330122751548058507, guid: fea09b97a93c8524bb74a4b704a0c947, type: 3}
  m_PrefabInstance: {fileID: 8959715604037715101}
  m_PrefabAsset: {fileID: 0}
